@article{cordi2005ontology,
	title={An ontology-based similarity between sets of concepts},
	author={Cord{\i}, Valentina and Lombardi, Paolo and Martelli, Maurizio and Mascardi, Viviana},
	journal={Proceedings of WOA, Italy},
	pages={16--21},
	year={2005},
	publisher={Citeseer}
}

@inproceedings{cochez2014Locality,
	title={Locality-Sensitive Hashing for Massive String-Based Ontology Matching},
	author={Cochez, Michael},
	booktitle={Proceedings of IEEE/WIC/ACM International Joint Conferences on Web Intelligence (WI) and Intelligent Agent Technologies (IAT)},
	pages={(accpeted)},
	year={2014}
}


@incollection{NB-2003,
	author = {Nardi, D. and Brachman, R. J.},
	chapter = {An Introduction to Description Logics},
	title = {An Introduction to Description Logics},
	booktitle = {The Description Logic Handbook: Theory, Implementation, and Applications},
	editor = {Baader, F. and Calvanese, D. and McGuinness, D. L. and Nardi, D. and Patel-Schneider P. F.},
	year = {2003},
	isbn = {0-521-78176-0},
	pages = {1--40},
	numpages = {40},
	url = {http://dl.acm.org/citation.cfm?id=885748},
	publisher = {Cambridge University Press}, 
	address = {New York, NY, USA}
}

@inproceedings{jimenez2013logmap,
	title={LogMap and LogMapLt results for OAEI 2013},
	author={Jim{\'e}nez-Ruiz, Ernesto and Grau, Bernardo Cuenca and Horrocks, Ian},
	booktitle={Proceedings of the 8th International Workshop on Ontology Matching},
	pages={131-138},
	year={2013}
}

@article{meilicke2008incoherence,
	title={Incoherence as a basis for measuring the quality of ontology mappings},
	author={Meilicke, Christian and Stuckenschmidt, Heiner},
	journal={Proc. 3rd International Workshop on Ontology Matching (OM) collocated with ISWC},
	pages={1--12},
	year={2008}
}


@inproceedings{ngo2013YAM++,
	title={YAM++ results for OAEI 2013},
	author={Ngo, DuyHoa and Bellahsene, Zohra},
	booktitle={Proceedings of the 8th International Workshop on Ontology Matching},
	pages={211-218},
	year={2013}
}


@inproceedings{indyk1998approximate,
	title={Approximate nearest neighbors: towards removing the curse of dimensionality},
	author={Indyk, Piotr and Motwani, Rajeev},
	booktitle={Proceedings of the thirtieth annual ACM symposium on Theory of computing},
	pages={604--613},
	year={1998},
	organization={ACM}
}


@inbook{rajaraman2012miningChapter3FindingSimilarItems,
	chapter = {3. Finding Similar Items},
	pages = {71--128},
	crossref={rajaraman2012mining}
}

@book{rajaraman2012mining,
	title={Mining of massive datasets},
	booktitle = {Mining of massive datasets},
	author={Rajaraman, Anand and Ullman, Jeffrey David},
	year={2012},
	publisher={Cambridge University Press},
	url = {http://infolab.stanford.edu/~ullman/mmds.html},
}






@article{Andoni:2008:NHA:1327452.1327494,
	author = {Andoni, Alexandr and Indyk, Piotr},
	title = {Near-optimal Hashing Algorithms for Approximate Nearest Neighbor in High Dimensions},
	journal = {Commun. ACM},
	issue_date = {January 2008},
	volume = {51},
	number = {1},
	month = jan,
	year = {2008},
	issn = {0001-0782},
	pages = {117--122},
	numpages = {6},
	url = {http://doi.acm.org/10.1145/1327452.1327494},
	doi = {10.1145/1327452.1327494},
	acmid = {1327494},
	publisher = {ACM},
	address = {New York, NY, USA},
} 


@article{Gruber1995,
	title = "Toward principles for the design of ontologies used for knowledge sharing? ",
	journal = "International Journal of Human-Computer Studies ",
	volume = "43",
	number = "5–6",
	pages = "907 - 928",
	year = "1995",
	note = "",
	issn = "1071-5819",
	doi = "http://dx.doi.org/10.1006/ijhc.1995.1081",
	url = "http://www.sciencedirect.com/science/article/pii/S1071581985710816",
	author = "Thomas R. Gruber"
}


@book{euzenat2007ontology,
	title={Ontology matching},
	author={Euzenat, J{\'e}r{\^o}me and Shvaiko, Pavel and others},
	volume={18},
	year={2007},
	publisher={Springer}
}

@incollection{duan2012instance,
	title={Instance-based matching of large ontologies using locality-sensitive hashing},
	author={Duan, Songyun and Fokoue, Achille and Hassanzadeh, Oktie and Kementsietsidis, Anastasios and Srinivas, Kavitha and Ward, Michael J},
	booktitle={The Semantic Web--ISWC 2012},
	pages={49--64},
	year={2012},
	publisher={Springer}
}


@inproceedings{broder1997resemblance,
	title={On the resemblance and containment of documents},
	author={Broder, Andrei Z},
	booktitle={Compression and Complexity of Sequences 1997. Proceedings},
	pages={21--29},
	year={1997},
	organization={IEEE}
}


@incollection{do2003comparison,
	year={2003},
	isbn={978-3-540-00745-6},
	booktitle={Web, Web-Services, and Database Systems},
	volume={2593},
	series={Lecture Notes in Computer Science},
	editor={Chaudhri, AkmalB. and Jeckle, Mario and Rahm, Erhard and Unland, Rainer},
	doi={10.1007/3-540-36560-5_17},
	title={Comparison of Schema Matching Evaluations},
	url={http://dx.doi.org/10.1007/3-540-36560-5_17},
	publisher={Springer Berlin Heidelberg},
	author={Do, Hong-Hai and Melnik, Sergey and Rahm, Erhard},
	pages={221-237},
	language={English}
}


@inbook{BigDataChapter,
	author={Vadim Ermolayev and Rajendra Akerkar and Vagan Terziyan and Michael Cochez},
	chapter={Towards Evolving Knowledge Ecosystems for Big Data Understanding},
	pages = {3--55},
	numpages = {53},
	crossref={BigData}
}

@book{BigData,
	IGNOREeditor={Rajendra Akerkar}, 
	title={Big Data Computing},
	booktitle={Big Data Computing},
	publisher={Taylor \& Francis group - Chapman and Hall/CRC},
	year={2014},
	isbn={978-1-46-657837-1},
	
}


@inproceedings{bawa2005lsh,
	title={{LSH} forest: self-tuning indexes for similarity search},
	author={Bawa, Mayank and Condie, Tyson and Ganesan, Prasanna},
	booktitle={Proceedings of the 14th international conference on World Wide Web},
	pages={651--660},
	year={2005},
	organization={ACM}
}

@inproceedings{depaula2010locality,
	title={A locality sensitive hashing approach for conceptual classification},
	author={de Paula, Luciano Bernardes and Villa{\c{c}}a, Rodolfo S and Magalhaes, Mauricio F},
	booktitle={Semantic Computing (ICSC), 2010 IEEE Fourth International Conference on},
	pages={408--413},
	year={2010},
	organization={IEEE}
}

@article{datar2002maintaining,
	title={Maintaining stream statistics over sliding windows},
	author={Datar, Mayur and Gionis, Aristides and Indyk, Piotr and Motwani, Rajeev},
	journal={SIAM Journal on Computing},
	volume={31},
	number={6},
	pages={1794--1813},
	year={2002},
	publisher={SIAM}
}


@article{Dean2011,
	author = {Dean, Derek and Webb Caroline},
	title = {Recovering from information overload},
	journal = {McKinsey Quarterly},
	year = {2011},
	month = jan,
	date = {January 2011},
	journalsubtitle = {organization practice},
	url = {http://www.mckinsey.com/insights/organization/recovering_from_information_overload},
	urldate = {May 2013},
}

@inproceedings{Peng2010GooglePercolator,
	title = {Large-scale Incremental Processing Using Distributed Transactions and Notifications},
	author  = {Daniel Peng and Frank Dabek},
	year  = 2010,
	booktitle = {Proceedings of the 9th USENIX Symposium on Operating Systems Design and Implementation}
}


@inproceedings{Ermolayev:2012:AOA:2254129.2254136,
	author = {Ermolayev, Vadim and Davidovsky, Maxim},
	title = {Agent-based Ontology Alignment: Basics, Appli-cations, Theoretical Foundations, and Demonstration},
	booktitle = {Proceedings of the 2Nd International Conference on Web Intelligence, Mining and Semantics},
	series = {WIMS'12},
	year = {2012},
	isbn = {978-1-4503-0915-8},
	location = {Craiova, Romania},
	pages = {3:1--3:12},
	articleno = {3},
	numpages = {12},
	url = {http://doi.acm.org/10.1145/2254129.2254136},
	doi = {10.1145/2254129.2254136},
	acmid = {2254136},
	publisher = {ACM},
	address = {New York, NY, USA},
	keywords = {agent, argumentation, information flow, knowledge-based application, negotiation, ontology, on-tology alignment, ontology instance migration},
} 

@inproceedings{Karger:1997:CHR:258533.258660,
	author = {Karger, David and Lehman, Eric and Leighton, Tom and Panigrahy, Rina and Levine, Matthew and Lewin, Daniel},
	title = {Consistent Hashing and Random Trees: Distributed Caching Protocols for Relieving Hot Spots on the World Wide Web},
	booktitle = {Proceedings of the Twenty-ninth Annual ACM Symposium on Theory of Computing},
	series = {STOC '97},
	year = {1997},
	isbn = {0-89791-888-6},
	location = {El Paso, Texas, USA},
	pages = {654--663},
	numpages = {10},
	url = {http://doi.acm.org/10.1145/258533.258660},
	doi = {10.1145/258533.258660},
	acmid = {258660},
	publisher = {ACM},
	address = {New York, NY, USA},
} 

@incollection{koga2004Fast,
	year={2004},
	isbn={978-3-540-23357-2},
	booktitle={Discovery Science},
	volume={3245},
	series={Lecture Notes in Computer Science},
	editor={Suzuki, Einoshin and Arikawa, Setsuo},
	doi={10.1007/978-3-540-30214-8_9},
	title={Fast Hierarchical Clustering Algorithm Using Locality-Sensitive Hashing},
	url={http://dx.doi.org/10.1007/978-3-540-30214-8_9},
	publisher={Springer Berlin Heidelberg},
	author={Koga, Hisashi and Ishibashi, Tetsuo and Watanabe, Toshinori},
	pages={114-128},
	language={English}
}

@article{gronau2007optimal,
	title={Optimal implementations of {UPGMA} and other common clustering algorithms},
	author={Gronau, Ilan and Moran, Shlomo},
	journal={Information Processing Letters},
	volume={104},
	number={6},
	pages={205--210},
	year={2007},
	publisher={Elsevier}
}

@article{mullner2012fastcluster,
	author =	"Daniel Müllner",
	title =	"fastcluster: Fast Hierarchical, Agglomerative Clustering Routines for {R} and {Python}",
	journal =	"Journal of Statistical Software",
	volume =	"53",
	number =	"9",
	pages =	"1--18",
	day =  	"29",
	month =	"5",
	year = 	"2013",
	CODEN =	"JSSOBK",
	ISSN = 	"1548-7660",
	bibdate =	"2012-12-05",
	URL =  	"http://www.jstatsoft.org/v53/i09",
	accepted =	"2012-12-05",
	acknowledgement = "",
	keywords =	"",
	submitted =	"2011-10-01",
}

@incollection{kriege2014SAHN,
	year={2014},
	isbn={978-3-319-04656-3},
	booktitle={Algorithms and Computation},
	volume={8344},
	series={Lecture Notes in Computer Science},
	editor={Pal, SudebkumarPrasant and Sadakane, Kunihiko},
	doi={10.1007/978-3-319-04657-0_11},
	title={{SAHN} Clustering in Arbitrary Metric Spaces Using Heuristic Nearest Neighbor Search},
	url={http://dx.doi.org/10.1007/978-3-319-04657-0_11},
	publisher={Springer International Publishing},
	keywords={SAHN clustering; nearest neighbor heuristic; data mining},
	author={Kriege, Nils and Mutzel, Petra and Schäfer, Till},
	pages={90-101},
	language={English}
}

@article{kull2008fast,
	title={Fast approximate hierarchical clustering using similarity heuristics},
	author={Kull, Meelis and Vilo, Jaak},
	journal={BioData mining},
	volume={1},
	number={1},
	pages={9},
	year={2008},
	doi = {10.1186/1756-0381-1-9},
	publisher={BioMed Central Ltd}
}

@article{fowlkes1983comapringHAC,
	author = {Fowlkes, E. B. and Mallows, C. L.},
	title = {A Method for Comparing Two Hierarchical Clusterings},
	journal = {Journal of the American Statistical Association},
	publisher={Taylor \& Francis Group},
	volume = {78},
	number = {383},
	pages = {553-569},
	year = {1983},
	doi = {10.1080/01621459.1983.10478008},
	URL = {http://amstat.tandfonline.com/doi/abs/10.1080/01621459.1983.10478008},
	eprint = {http://amstat.tandfonline.com/doi/pdf/10.1080/01621459.1983.10478008}
}

@article{eppstein2000fast,
	author = {Eppstein, David},
	title = {Fast Hierarchical Clustering and Other Applications of Dynamic Closest Pairs},
	journal = {J. Exp. Algorithmics},
	issue_date = {2000},
	volume = {5},
	month = dec,
	year = {2000},
	issn = {1084-6654},
	articleno = {1},
	url = {http://doi.acm.org/10.1145/351827.351829},
	doi = {10.1145/351827.351829},
	acmid = {351829},
	publisher = {ACM},
	address = {New York, NY, USA},
	keywords = {TSP, conga line data structure, matching, nearest-neighbor heuristic, quadtree},
} 






@inproceedings{rasheed2012efficient,
	author = {Zeehasham Rasheed and Huzefa Rangwala and Daniel Barbará},
	title = {Efficient Clustering of Metagenomic Sequences using Locality Sensitive Hashing},
	booktitle = {Proceedings of the 2012 SIAM International Conference on Data Mining},
	year = {2012},
	location = {Aneheim, California, USA},
	series = {SDM '12},
	chapter = {87},
	pages = {1023-1034},
	doi = {10.1137/1.9781611972825.88},
	URL = {http://epubs.siam.org/doi/abs/10.1137/1.9781611972825.88},
	eprint = {http://epubs.siam.org/doi/pdf/10.1137/1.9781611972825.88},
	isbn = {978-1-61197-232-0},
	publisher = {SIAM},
	address = {Philadelphia, PA, USA},
}


@article{nguyen2014SparseHC,
	title = "{SparseHC}: A Memory-efficient Online Hierarchical Clustering Algorithm ",
	journal = "Procedia Computer Science ",
	volume = "29",
	number = "0",
	pages = "8 - 19",
	year = "2014",
	note = "2014 International Conference on Computational Science ",
	issn = "1877-0509",
	doi = "http://dx.doi.org/10.1016/j.procs.2014.05.001",
	url = "http://www.sciencedirect.com/science/article/pii/S1877050914001781",
	author = "Thuy-Diem Nguyen and Bertil Schmidt and Chee-Keong Kwoh",
	keywords = "hierarchical clustering",
	keywords = "memory-efficient clustering",
	keywords = "sparse matrix",
	keywords = "online algorithms ",
	abstract = "Abstract Computing a hierarchical clustering of objects from a pairwise distance matrix is an important algorithmic kernel in computational science. Since the storage of this matrix requires quadratic space with respect to the number of objects, the design of memory-efficient approaches is of high importance to this research area. In this paper, we address this problem by presenting a memory-efficient online hierarchical clustering algorithm called SparseHC. SparseHC scans a sorted and possibly sparse distance matrix chunk-by-chunk. Meanwhile, a dendrogram is built by merging cluster pairs as and when the distance between them is determined to be the smallest among all remaining cluster pairs. The key insight used is that for finding the cluster pair with the smallest distance, it is unnecessary to complete the computation of all cluster pairwise distances. Partial information can be utilized to calculate a lower bound on cluster pairwise distances that are subsequently used for cluster distance comparison. Our experimental results show that SparseHC achieves a linear empirical memory complexity, which is a significant improvement compared to existing algorithms. "
}

@incollection{patra2010distance,
	year={2010},
	isbn={978-3-642-13528-6},
	booktitle={Rough Sets and Current Trends in Computing},
	volume={6086},
	series={Lecture Notes in Computer Science},
	editor={Szczuka, Marcin and Kryszkiewicz, Marzena and Ramanna, Sheela and Jensen, Richard and Hu, Qinghua},
	doi={10.1007/978-3-642-13529-3_7},
	title={Distance Based Fast Hierarchical Clustering Method for Large Datasets},
	url={http://dx.doi.org/10.1007/978-3-642-13529-3_7},
	publisher={Springer Berlin Heidelberg},
	keywords={distance based clustering; leaders clustering; average-link; large datasets},
	author={Patra, BidyutKr. and Hubballi, Neminath and Biswas, Santosh and Nandi, Sukumar},
	pages={50-59},
	language={English}
}

@inproceedings{gilpin2013EHC,
	author = {Gilpin, Sean and Qian, Buyue and Davidson, Ian},
	title = {Efficient hierarchical clustering of large high dimensional datasets},
	booktitle = {Proceedings of the 22nd ACM international conference on Conference on information \& knowledge management},
	series = {CIKM '13},
	year = {2013},
	isbn = {978-1-4503-2263-8},
	location = {San Francisco, California, USA},
	pages = {1371--1380},
	numpages = {10},
	url = {http://doi.acm.org/10.1145/2505515.2505527},
	doi = {10.1145/2505515.2505527},
	acmid = {2505527},
	publisher = {ACM},
	address = {New York, NY, USA},
	keywords = {binary codes, hierarchical clustering},
} 



@article{morrison1968Patricia,
	author = {Morrison, Donald R.},
	title = {PATRICIA \--- Practical Algorithm To Retrieve Information Coded in Alphanumeric},
	journal = {J. ACM},
	issue_date = {Oct. 1968},
	volume = {15},
	number = {4},
	month = oct,
	year = {1968},
	issn = {0004-5411},
	pages = {514--534},
	numpages = {21},
	url = {http://doi.acm.org/10.1145/321479.321481},
	doi = {10.1145/321479.321481},
	acmid = {321481},
	publisher = {ACM},
	address = {New York, NY, USA},
} 

@book{sneath1973numerical,
	title={Numerical taxonomy. The principles and practice of numerical classification.},
	author={Sneath, Peter HA and Sokal, Robert R and others},
	year={1973}
}

@article{mullner2011modern,
	title={Modern hierarchical, agglomerative clustering algorithms},
	author={M{\"u}llner, Daniel},
	journal={arXiv preprint arXiv:1109.2378},
	year={2011}
}

@techreport{anderberg1973cluster,
	title={Cluster analysis for applications},
	author={Anderberg, Michael R},
	year={1973},
	institution={DTIC Document}
}

@article{murtagh1985multidimensional,
	title={Multidimensional clustering algorithms},
	author={Murtagh, Fionn},
	journal={Compstat Lectures, Vienna: Physika Verlag, 1985},
	volume={1},
	year={1985}
}


@article{rand1971objective,
	title={Objective criteria for the evaluation of clustering methods},
	author={Rand, William M},
	journal={Journal of the American Statistical association},
	volume={66},
	number={336},
	pages={846--850},
	year={1971},
	publisher={Taylor \& Francis Group}
}

@incollection{broder1993rabin,
	year={1993},
	isbn={978-1-4613-9325-2},
	booktitle={Sequences II},
	editor={Capocelli, Renato and Santis, Alfredo and Vaccaro, Ugo},
	doi={10.1007/978-1-4613-9323-8_11},
	title={Some applications of Rabin’s fingerprinting method},
	url={http://dx.doi.org/10.1007/978-1-4613-9323-8_11},
	publisher={Springer New York},
	author={Broder, AndreiZ.},
	pages={143-152},
	language={English}
}

@inproceedings{charikar2002similarity,
	author = {Charikar, Moses S.},
	title = {Similarity Estimation Techniques from Rounding Algorithms},
	booktitle = {Proceedings of the Thiry-fourth Annual {ACM} Symposium on Theory of Computing},
	series = {STOC '02},
	year = {2002},
	isbn = {1-58113-495-9},
	location = {Montreal, Quebec, Canada},
	pages = {380--388},
	numpages = {9},
	url = {http://doi.acm.org/10.1145/509907.509965},
	doi = {10.1145/509907.509965},
	acmid = {509965},
	publisher = {ACM},
	address = {New York, NY, USA},
} 

@article{xu2015comprehensive,
	title={A Comprehensive Survey of Clustering Algorithms},
	author={Xu, Dongkuan and Tian, Yingjie},
	journal={Annals of Data Science},
	volume={2},
	number={2},
	pages={165--193},
	year={2015},
	publisher={Springer}
}

@misc{hartigan1975clustering,
	title={Clustering algorithms (probability \& mathematical statistics)},
	author={Hartigan, John A},
	year={1975},
	publisher={John Wiley \& Sons Inc}
}